@misc{web:lua,
Author = {Roberto Ierusalimschy},
Lastchecked = {1 June, 2012},
Month = feb,
Title = {The Programming Language Lua},
Url = {http://www.lua.org/},
howpublished = "\url{http://www.lua.org/}",
year = {2008}}

@misc{web:luamodule,
Author = {Roberto Ierusalimschy},
Lastchecked = {28 November, 2012},
Month = feb,
TItle = {The Programming Language Lua - modules},
Url = {http://www.lua.org/manual/5.1/manual.html#5.3},
howpublished = "\url{http://www.lua.org/manual/5.1/manual.html#5.3}",
year = {2008}}

@inproceedings{maia06oil,
  Author = {Renato Maia and Renato Cerqueira and Ricardo Calheiros},
  Crossref = {SFSBRC06},
  Pages = {1439--1446},
  Title = {{OiL}: An Object Request Broker in The {Lua} Language}}

@proceedings{SFSBRC06,
  Booktitle = {Proceedings of SBRC'06 - Sal\~{a}o de Ferramentas},
  Title = {Anais do 24o. Simp\'{o}sio Brasileiro de Redes de Computadores},
  Address = {Porto Alegre, Brazil},
  Editor = {Mauro S. P. Fonseca},
  Month = jun,
  Publisher = {SBC},
  Year = {2006}}

@misc{web:oil,
  Author = {Renato Maia},
  Lastchecked = {1 June, 2012},
  Title = {{OiL}: An Object Request Broker in The {Lua} Language},
  Url = {http://www.tecgraf.puc-rio.br/~maia/oil/},
  howpublished = "\url{http://www.tecgraf.puc-rio.br/~maia/oil/}",
  year = {2005}}

@misc{web:SCS,
  author = {C. Augusto and E. Fonseca and L. Marques and S. Correa and R. Cerqueira },
  Lastchecked = {1 June, 2012},
  Month = may,
  Title = {{SCS}: Software Component System},
  Url = "http://www.tecgraf.puc-rio.br/scs",
  howpublished = "\url{http://www.tecgraf.puc-rio.br/scs}",
  year = "2006"}

@misc{web:OPENBUS,
  Author = {TecGraf},
  Lastchecked = {1 June, 2012},
  Title = {{OpenBus - Enterprise Integration Application Middleware}},
  Url = {http://www.tecgraf.puc-rio.br/openbus},
  howpublished = "\url{http://www.tecgraf.puc-rio.br/openbus}",
  Year = {2006}}

@MANUAL{omg08corbaspec,
  key = "OMG",
  Title = {The Common Object Request Broker Architecture (CORBA) Specification - Version 3.1},
  Organization = {Object Management Group},
  Month = jan,
  Note = {document: formal/2008-01-04},
  Year = 2008}

@MANUAL{ob2.0core,
  author = {TecGraf},
  title = {Manual do OpenBus 2.0.0},
  organization = {TecGraf},
  Url = {http://jira.tecgraf.puc-rio.br/confluence/x/iwXyAg},
  howpublished = "\url{http://jira.tecgraf.puc-rio.br/confluence/x/iwXyAg}",
  year = {2012}}

@MANUAL{ob2.0protospec,
  author = {TecGraf},
  title = {Protocolo de Acesso do OpenBus 2.0},
  organization = {TecGraf},
  year = {2012}}

@MANUAL{ob2.0install,
  author = {TecGraf},
  title = {Manual de instalação do OpenBus 2.0.0},
  organization = {TecGraf},
  Url = {http://jira.tecgraf.puc-rio.br/confluence/x/kAXyAg},
  howpublished = "\url{http://jira.tecgraf.puc-rio.br/confluence/x/kAXyAg}",
  year = {2012}}

@misc{web:collaboration1.0,
  author = {TecGraf},
  title = {{Documentação do Serviço de Colaboração 1.0}},
  organization = {TecGraf},
  url = {https://jira.tecgraf.puc-rio.br/confluence/pages/viewpage.action?pageId=52528899},
  howpublished = "\url{https://jira.tecgraf.puc-rio.br/confluence/pages/viewpage.action?pageId=52528899}",
  Year = {2013}}

@MANUAL{sdk2.0.0-java,
  author = {TecGraf},
  title = {Tutorial do SDK Java 2.0.0},
  organization = {TecGraf},
  Url = {http://jira.tecgraf.puc-rio.br/confluence/x/35bWAg},
  howpublished = "\url{http://jira.tecgraf.puc-rio.br/confluence/x/35bWAg}",
  year = {2012}}

@MANUAL{sdk2.0.0-cpp,
  author = {TecGraf},
  title = {Tutorial do SDK C++ 2.0.0},
  organization = {TecGraf},
  Url = {http://jira.tecgraf.puc-rio.br/confluence/x/35bWAg},
  howpublished = "\url{http://jira.tecgraf.puc-rio.br/confluence/x/35bWAg}",
  year = {2012}}

@MANUAL{sdk2.0.0-csharp,
  author = {TecGraf},
  title = {Tutorial do SDK C\# 2.0.0},
  organization = {TecGraf},
  Url = {http://jira.tecgraf.puc-rio.br/confluence/x/35bWAg},
  howpublished = "\url{http://jira.tecgraf.puc-rio.br/confluence/x/35bWAg}",
  year = {2012}}

@MANUAL{sdk2.0.0-lua,
  author = {TecGraf},
  title = {Tutorial do SDK Lua 2.0.0},
  organization = {TecGraf},
  year = {2012}}

@book{erl2005service,
  title={Service-oriented architecture: concepts, technology, and design},
  author={Erl, T.},
  year={2005},
  publisher={Prentice Hall PTR}
}

@misc{web:upn,
  Author = {Microsoft},
  Lastchecked = {29 June, 2012},
  Title = {{UPN} User Principal Name attribute in Microsoft Active Directory},
  Url = {http://msdn.microsoft.com/en-us/library/windows/desktop/ms680857(v=vs.85).aspx},
  howpublished = "\url{http://msdn.microsoft.com/en-us/library/windows/desktop/ms680857(v=vs.85).aspx}",
  year = {2012}}

@misc{web:dn,
  Author = {{OpenLDAP Foundation}},
  Lastchecked = {29 June, 2012},
  Title = {{DN} Distinguished Name in LDAP},
  Url = {http://www.openldap.org/doc/admin24/intro.html#What%20is%20LDAP},
  howpublished = "\url{http://www.openldap.org/doc/admin24/intro.html#What%20is%20LDAP}",
  year = {2012}}

@misc{web:rfc4514,
  Author = {{OpenLDAP Foundation}},
  Lastchecked = {29 June 2012},
  Title = {{RFC} 4514 - Lightweight Directory Access Protocol (LDAP): String Representation of Distinguished Names},
  Url = {http://www.ietf.org/rfc/rfc4514.txt},
  howpublished = "\url{http://www.ietf.org/rfc/rfc4514.txt}",
  year = {2012}}

@misc{web:rfc4510,
  Author = {{OpenLDAP Foundation}},
  Lastchecked = {6 March 2013},
  Title = {{RFC} 4510 -  Lightweight Directory Access Protocol (LDAP): Technical Specification Road Map},
  Url = {http://www.ietf.org/rfc/rfc4510.txt},
  howpublished = "\url{http://www.ietf.org/rfc/rfc4510.txt}",
  year = {2013}}

 @misc{wiki:LDAP,
   author = "Wikipedia",
   title = "Lightweight Directory Access Protocol --- {W}ikipedia{,} The Free Encyclopedia",
   year = "2012",
   url = "http://en.wikipedia.org/w/index.php?title=Lightweight_Directory_Access_Protocol&oldid=541744076",
   note = "[Online; accessed 06-March-2012]"
 }

@misc{web:bash,
Author = {{GNU}},
Lastchecked = {12 March 2013},
Title = {Bash Reference Manual},
Url = {http://www.gnu.org/software/bash/manual/bashref.html},
howpublished = "\url{http://www.gnu.org/software/bash/manual/bashref.html}",
year = {2010}}

@misc{web:advbash,
Author = {Mendel Cooper},
Lastchecked = {27 November 2012},
Title = {Advanced Bash-Scripting Guidel},
Url = {http://tldp.org/LDP/abs/html/},
howpublished = "\url{http://tldp.org/LDP/abs/html/}",
year = {2012}}
